@online{wikipediaIEC608705,
    title = "{IEC} 60870-5",
    author = "Wikipedia",
    url = "https://en.wikipedia.org/wiki/IEC_60870-5",
    addendum = "(accessed: Dec. 10, 2019)"
}

@online{beckhoff2019IEC60870510x,
    title = "Manual TC3 IEC 60870-5-10x",
    author = "Beckhoff",
    url = "https://download.beckhoff.com/download/document/automation/twincat3/TF6500_TC3_IEC60870-5-10x_EN.pdf",
    addendum = "(accessed: Dec. 10, 2019)"
}

@online{beckhoff2019IEC60870510xASDUInitTutorial,
    title = "Defining and configuring an application object database of controlled station",
    author = "Beckhoff",
    url = "https://infosys.beckhoff.com/english.php?content=../content/1033/tcplclibiec870_5_101slave/tutorial/TcPlcLibIEC870_5_101Slave_Tutorial_AODB.htm&id=",
    addendum = "(accessed: Dec. 20, 2019)"
}

@online{beckhoff2019F_iecInitAOEntry,
    title = "\texttt{F\_iecInitAOEntry}",
    author = "Beckhoff",
    url = "https://infosys.beckhoff.com/english.php?content=../content/1033/tf6500_tc3_iec60870_5_10x/18014399493192587.html&id=",
    addendum = "(accessed: Dec. 20, 2019)"
}
